<record xmlns="http://www.loc.gov/MARC21/slim" xmlns:xsi="http://www.w3.org/2001/XMLSchema-instance" xsi:schemaLocation="http://www.loc.gov/MARC21/slim http://www.loc.gov/standards/marcxml/schema/MARC21slim.xsd"><leader>00565nz   2200145n  4500</leader><controlfield tag="001">oca05871425 </controlfield><controlfield tag="005">20020923172812.0</controlfield><controlfield tag="008">020923n| acannaabn          |a aaa      </controlfield><datafield ind1=" " ind2=" " tag="010"><subfield code="a">n 2002043182</subfield></datafield><datafield ind1=" " ind2=" " tag="040"><subfield code="a">DLC</subfield><subfield code="b">eng</subfield><subfield code="c">DLC</subfield></datafield><datafield ind1="1" ind2=" " tag="100"><subfield code="a">Chaeremon,</subfield><subfield code="d">4th cent. B.C.</subfield></datafield><datafield ind1="1" ind2=" " tag="400"><subfield code="a">Cheremone,</subfield><subfield code="d">4th cent. B.C.</subfield></datafield><datafield ind1="1" ind2=" " tag="400"><subfield code="a">Chairemon,</subfield><subfield code="d">4th cent. B.C.</subfield></datafield><datafield ind1=" " ind2=" " tag="670"><subfield code="a">Morelli, Giuseppe. Teatro attico e pittura vascolare, 2001:</subfield><subfield code="b">t.p. (Cheremone) p. 4 of cover (Chairemon) p. 9 (Chaeremon)</subfield></datafield><datafield ind1=" " ind2=" " tag="670"><subfield code="a">Oxford class. dict., 1996:</subfield><subfield code="b">(Chaeremon; tragic poet active about middle of 4th cent. B.C.)</subfield></datafield></record>